%% This BibTeX bibliography file was created using BibDesk.
%% http://bibdesk.sourceforge.net/


%% Created for Caroline Thompson at 2015-02-27 16:00:10 -0500 


%% Saved with string encoding Unicode (UTF-8) 



@webpage{powder,
	Date-Added = {2015-02-27 20:59:58 +0000},
	Date-Modified = {2015-02-27 21:00:10 +0000},
	Url = {http://dan.egnor.name/iocaine.html}}

@techreport{smartrobots,
	Author = {Gabriele Pozzato, Stefano Michieletto, and Emanuele Menegatti},
	Date-Added = {2015-02-27 20:56:56 +0000},
	Date-Modified = {2015-02-27 20:58:01 +0000},
	Institution = {Intelligent Autonomous Systems Lab (IAS-Lab), Department of Information Engineering (DEI), University of Padova},
	Title = {Towards smart robots: rock-paper-scissors gaming versus human players},
	Bdsk-File-1 = {YnBsaXN0MDDUAQIDBAUGJCVYJHZlcnNpb25YJG9iamVjdHNZJGFyY2hpdmVyVCR0b3ASAAGGoKgHCBMUFRYaIVUkbnVsbNMJCgsMDxJXTlMua2V5c1pOUy5vYmplY3RzViRjbGFzc6INDoACgAOiEBGABIAFgAdccmVsYXRpdmVQYXRoWWFsaWFzRGF0YV8QFS4uLy4uL0h3My9wYXBlcjExLnBkZtIXCxgZV05TLmRhdGFPEQHCAAAAAAHCAAIAAAxNYWNpbnRvc2ggSEQAAAAAAAAAAAAAAAAAAADJ50bkSCsAAAFhJLwLcGFwZXIxMS5wZGYAAAAAAAAAAAAAAAAAAAAAAAAAAAAAAAAAAAAAAAAAAAAAAAAAAAAAAAAAAAAAAAAAAAAAAWM0PdEVNAQAAAAAAAAAAAACAAIAAAkgAAAAAAAAAAAAAAAAAAAAA0h3MwAAEAAIAADJ538kAAAAEQAIAADRFXpUAAAAAQAUAWEkvAFVXaUACHwvAAh8IgAAmKAAAgBaTWFjaW50b3NoIEhEOlVzZXJzOgBjYXJvbGluZXRob21wc29uOgBEb2N1bWVudHM6AEFydGlmaWNpYWwgSW50ZWxsaWdlbmNlOgBIdzM6AHBhcGVyMTEucGRmAA4AGAALAHAAYQBwAGUAcgAxADEALgBwAGQAZgAPABoADABNAGEAYwBpAG4AdABvAHMAaAAgAEgARAASAEhVc2Vycy9jYXJvbGluZXRob21wc29uL0RvY3VtZW50cy9BcnRpZmljaWFsIEludGVsbGlnZW5jZS9IdzMvcGFwZXIxMS5wZGYAEwABLwAAFQACABf//wAAgAbSGxwdHlokY2xhc3NuYW1lWCRjbGFzc2VzXU5TTXV0YWJsZURhdGGjHR8gVk5TRGF0YVhOU09iamVjdNIbHCIjXE5TRGljdGlvbmFyeaIiIF8QD05TS2V5ZWRBcmNoaXZlctEmJ1Ryb290gAEACAARABoAIwAtADIANwBAAEYATQBVAGAAZwBqAGwAbgBxAHMAdQB3AIQAjgCmAKsAswJ5AnsCgAKLApQCogKmAq0CtgK7AsgCywLdAuAC5QAAAAAAAAIBAAAAAAAAACgAAAAAAAAAAAAAAAAAAALn}}

@article{iocaine,
	Author = {Sony E. Valdez, Generino P. Siddayao, and Proseco L. Fernandez},
	Date-Added = {2015-02-27 01:22:21 +0000},
	Date-Modified = {2015-02-27 01:24:23 +0000},
	Journal = {International Journal of Information and Education Technology},
	Number = {10},
	Title = {The Effectiveness of Using a Modified ``Beat Frequent Pick'' Algorithm in the First International RoShamBo The Effectiveness of Using a Modified "Beat Frequent Pick" Algorithm in the First International RoShamBo Tournament},
	Volume = {5},
	Year = {2015},
	Bdsk-File-1 = {YnBsaXN0MDDUAQIDBAUGJCVYJHZlcnNpb25YJG9iamVjdHNZJGFyY2hpdmVyVCR0b3ASAAGGoKgHCBMUFRYaIVUkbnVsbNMJCgsMDxJXTlMua2V5c1pOUy5vYmplY3RzViRjbGFzc6INDoACgAOiEBGABIAFgAdccmVsYXRpdmVQYXRoWWFsaWFzRGF0YV8QFi4uLy4uL0h3My82MDMtRDAyNy5wZGbSFwsYGVdOUy5kYXRhTxEByAAAAAAByAACAAAMTWFjaW50b3NoIEhEAAAAAAAAAAAAAAAAAAAAyedG5EgrAAABYSS8DDYwMy1EMDI3LnBkZgAAAAAAAAAAAAAAAAAAAAAAAAAAAAAAAAAAAAAAAAAAAAAAAAAAAAAAAAAAAAAAAAAAAAFjH/fRFTFkAAAAAAAAAAAAAgACAAAJIAAAAAAAAAAAAAAAAAAAAANIdzMAABAACAAAyed/JAAAABEACAAA0RV3tAAAAAEAFAFhJLwBVV2lAAh8LwAIfCIAAJigAAIAW01hY2ludG9zaCBIRDpVc2VyczoAY2Fyb2xpbmV0aG9tcHNvbjoARG9jdW1lbnRzOgBBcnRpZmljaWFsIEludGVsbGlnZW5jZToASHczOgA2MDMtRDAyNy5wZGYAAA4AGgAMADYAMAAzAC0ARAAwADIANwAuAHAAZABmAA8AGgAMAE0AYQBjAGkAbgB0AG8AcwBoACAASABEABIASVVzZXJzL2Nhcm9saW5ldGhvbXBzb24vRG9jdW1lbnRzL0FydGlmaWNpYWwgSW50ZWxsaWdlbmNlL0h3My82MDMtRDAyNy5wZGYAABMAAS8AABUAAgAX//8AAIAG0hscHR5aJGNsYXNzbmFtZVgkY2xhc3Nlc11OU011dGFibGVEYXRhox0fIFZOU0RhdGFYTlNPYmplY3TSGxwiI1xOU0RpY3Rpb25hcnmiIiBfEA9OU0tleWVkQXJjaGl2ZXLRJidUcm9vdIABAAgAEQAaACMALQAyADcAQABGAE0AVQBgAGcAagBsAG4AcQBzAHUAdwCEAI4ApwCsALQCgAKCAocCkgKbAqkCrQK0Ar0CwgLPAtIC5ALnAuwAAAAAAAACAQAAAAAAAAAoAAAAAAAAAAAAAAAAAAAC7g==}}
