%% This BibTeX bibliography file was created using BibDesk.
%% http://bibdesk.sourceforge.net/


%% Created for Caroline Thompson at 2015-02-26 20:25:26 -0500 


%% Saved with string encoding Unicode (UTF-8) 



@article{iocaine,
	Author = {Sony E. Valdez, Generino P. Siddayao, and Proseco L. Fernandez},
	Date-Added = {2015-02-27 01:22:21 +0000},
	Date-Modified = {2015-02-27 01:24:23 +0000},
	Journal = {International Journal of Information and Education Technology},
	Number = {10},
	Title = {The Effectiveness of Using a Modified ``Beat Frequent Pick'' Algorithm in the First International RoShamBo The Effectiveness of Using a Modified "Beat Frequent Pick" Algorithm in the First International RoShamBo Tournament},
	Volume = {5},
	Year = {2015},
	Bdsk-File-1 = {YnBsaXN0MDDUAQIDBAUGJCVYJHZlcnNpb25YJG9iamVjdHNZJGFyY2hpdmVyVCR0b3ASAAGGoKgHCBMUFRYaIVUkbnVsbNMJCgsMDxJXTlMua2V5c1pOUy5vYmplY3RzViRjbGFzc6INDoACgAOiEBGABIAFgAdccmVsYXRpdmVQYXRoWWFsaWFzRGF0YV8QEy4uL0h3My82MDMtRDAyNy5wZGbSFwsYGVdOUy5kYXRhTxEByAAAAAAByAACAAAMTWFjaW50b3NoIEhEAAAAAAAAAAAAAAAAAAAAyedG5EgrAAABYSS8DDYwMy1EMDI3LnBkZgAAAAAAAAAAAAAAAAAAAAAAAAAAAAAAAAAAAAAAAAAAAAAAAAAAAAAAAAAAAAAAAAAAAAFjH/fRFTFkAAAAAAAAAAAAAQACAAAJIAAAAAAAAAAAAAAAAAAAAANIdzMAABAACAAAyed/JAAAABEACAAA0RV3tAAAAAEAFAFhJLwBVV2lAAh8LwAIfCIAAJigAAIAW01hY2ludG9zaCBIRDpVc2VyczoAY2Fyb2xpbmV0aG9tcHNvbjoARG9jdW1lbnRzOgBBcnRpZmljaWFsIEludGVsbGlnZW5jZToASHczOgA2MDMtRDAyNy5wZGYAAA4AGgAMADYAMAAzAC0ARAAwADIANwAuAHAAZABmAA8AGgAMAE0AYQBjAGkAbgB0AG8AcwBoACAASABEABIASVVzZXJzL2Nhcm9saW5ldGhvbXBzb24vRG9jdW1lbnRzL0FydGlmaWNpYWwgSW50ZWxsaWdlbmNlL0h3My82MDMtRDAyNy5wZGYAABMAAS8AABUAAgAX//8AAIAG0hscHR5aJGNsYXNzbmFtZVgkY2xhc3Nlc11OU011dGFibGVEYXRhox0fIFZOU0RhdGFYTlNPYmplY3TSGxwiI1xOU0RpY3Rpb25hcnmiIiBfEA9OU0tleWVkQXJjaGl2ZXLRJidUcm9vdIABAAgAEQAaACMALQAyADcAQABGAE0AVQBgAGcAagBsAG4AcQBzAHUAdwCEAI4ApACpALECfQJ/AoQCjwKYAqYCqgKxAroCvwLMAs8C4QLkAukAAAAAAAACAQAAAAAAAAAoAAAAAAAAAAAAAAAAAAAC6w==}}
